
    <record>
      <recordSchema>marcxml</recordSchema>
      <recordPacking>xml</recordPacking>
      <recordData>
        <record xmlns="">
          <leader>01113cam a2200289 u 4500</leader>
          <controlfield tag="001">999914250144702201</controlfield>
          <controlfield tag="005">20110607125822.0</controlfield>
          <controlfield tag="007">ta</controlfield>
          <controlfield tag="008">110607s1999    xx#||||||    |100|u|eng|d</controlfield>
          <datafield tag="020" ind1=" " ind2=" ">
            <subfield code="a">0521660661</subfield>
            <subfield code="q">ib.</subfield>
          </datafield>
          <datafield tag="020" ind1=" " ind2=" ">
            <subfield code="a">0521004195</subfield>
            <subfield code="q">h.</subfield>
          </datafield>
          <datafield tag="035" ind1=" " ind2=" ">
            <subfield code="a">991425014-47bibsys_ubo</subfield>
          </datafield>
          <datafield tag="035" ind1=" " ind2=" ">
            <subfield code="a">(NO-TrBIB)991425014</subfield>
          </datafield>
          <datafield tag="035" ind1=" " ind2=" ">
            <subfield code="a">(Alma)999914250144702204</subfield>
          </datafield>
          <datafield tag="040" ind1=" " ind2=" ">
            <subfield code="a">NO-TrBIB</subfield>
            <subfield code="b">nob</subfield>
            <subfield code="e">katreg</subfield>
          </datafield>
          <datafield tag="084" ind1=" " ind2=" ">
            <subfield code="a">14</subfield>
            <subfield code="2">msc</subfield>
          </datafield>
          <datafield tag="097" ind1=" " ind2=" ">
            <subfield code="a">14</subfield>
            <subfield code="9">LOCAL</subfield>
          </datafield>
          <datafield tag="245" ind1="0" ind2="0">
            <subfield code="a">The Eightfold way :</subfield>
            <subfield code="b">the beauty of Klein's quartic curve</subfield>
            <subfield code="c">edited by Silvio Levy</subfield>
          </datafield>
          <datafield tag="260" ind1=" " ind2=" ">
            <subfield code="a">Cambridge</subfield>
            <subfield code="b">Cambridge University Press</subfield>
            <subfield code="c">c1999</subfield>
          </datafield>
          <datafield tag="300" ind1=" " ind2=" ">
            <subfield code="a">X, 331 s.</subfield>
          </datafield>
          <datafield tag="490" ind1="1" ind2=" ">
            <subfield code="a">Mathematical Sciences Research Institute publications</subfield>
            <subfield code="v">35</subfield>
          </datafield>
          <datafield tag="650" ind1=" " ind2="0">
            <subfield code="a">Eightfold Way (Nuclear physics)</subfield>
          </datafield>
          <datafield tag="650" ind1=" " ind2="0">
            <subfield code="a">Mathematical physics</subfield>
          </datafield>
          <datafield tag="700" ind1="1" ind2=" ">
            <subfield code="a">Levy, Silvio</subfield>
            <subfield code="0">(NO-TrBIB)x90579165</subfield>
          </datafield>
          <datafield tag="830" ind1=" " ind2=" ">
            <subfield code="a">Mathematical Sciences Research Institute publications</subfield>
            <subfield code="x">0940-4740</subfield>
            <subfield code="v">35</subfield>
            <subfield code="w">999914250144702201</subfield>
          </datafield>
          <datafield tag="856" ind1="4" ind2="2">
            <subfield code="3">Beskrivelse fra forlaget (kort)</subfield>
            <subfield code="u">http://content.bibsys.no/content/?type=descr_publ_brief&amp;isbn=0521660661</subfield>
          </datafield>
          <datafield tag="856" ind1="4" ind2="2">
            <subfield code="3">Beskrivelse fra forlaget (lang)</subfield>
            <subfield code="u">http://content.bibsys.no/content/?type=descr_publ_full&amp;isbn=0521660661</subfield>
          </datafield>
          <datafield tag="901" ind1=" " ind2=" ">
            <subfield code="a">kat2</subfield>
          </datafield>
          <datafield tag="AVA" ind1=" " ind2=" ">
            <subfield code="a">47BIBSYS_UBO</subfield>
            <subfield code="b">1030310</subfield>
            <subfield code="c">UREAL Mat</subfield>
            <subfield code="d">14 EIG</subfield>
            <subfield code="e">available</subfield>
            <subfield code="f">1</subfield>
            <subfield code="g">0</subfield>
            <subfield code="j">1489</subfield>
            <subfield code="k">8</subfield>
            <subfield code="p">1</subfield>
          </datafield>
        </record>
      </recordData>
      <recordPosition>2</recordPosition>
    </record>