
    <record>
      <recordSchema>marcxml</recordSchema>
      <recordPacking>xml</recordPacking>
      <recordData>
        <record xmlns="">
          <leader>00930cam a2200337 u 4500</leader>
          <controlfield tag="001">997830066244702201</controlfield>
          <controlfield tag="005">20131209174435.0</controlfield>
          <controlfield tag="007">ta</controlfield>
          <controlfield tag="007">cr||||||||||||</controlfield>
          <controlfield tag="008">131209s1978    xx#|||||o    |000|u|eng|d</controlfield>
          <datafield tag="020" ind1=" " ind2=" ">
            <subfield code="a">0124484603</subfield>
          </datafield>
          <datafield tag="035" ind1=" " ind2=" ">
            <subfield code="a">783006624-47bibsys_ubo</subfield>
          </datafield>
          <datafield tag="035" ind1=" " ind2=" ">
            <subfield code="a">(NO-TrBIB)783006624</subfield>
          </datafield>
          <datafield tag="035" ind1=" " ind2=" ">
            <subfield code="a">(NO-TrBIB)141367571</subfield>
          </datafield>
          <datafield tag="035" ind1=" " ind2=" ">
            <subfield code="a">(Alma)997830066244702204</subfield>
          </datafield>
          <datafield tag="040" ind1=" " ind2=" ">
            <subfield code="a">NO-TrBIB</subfield>
            <subfield code="b">nob</subfield>
            <subfield code="e">katreg</subfield>
          </datafield>
          <datafield tag="080" ind1=" " ind2=" ">
            <subfield code="a">539.12:530.131</subfield>
          </datafield>
          <datafield tag="084" ind1=" " ind2=" ">
            <subfield code="a">a1130</subfield>
            <subfield code="2">inspec</subfield>
          </datafield>
          <datafield tag="097" ind1=" " ind2=" ">
            <subfield code="a">3.1lic</subfield>
            <subfield code="9">LOCAL</subfield>
          </datafield>
          <datafield tag="097" ind1=" " ind2=" ">
            <subfield code="a">a1130</subfield>
            <subfield code="9">LOCAL</subfield>
          </datafield>
          <datafield tag="100" ind1="1" ind2=" ">
            <subfield code="a">Lichtenberg, D.B.</subfield>
            <subfield code="0">(NO-TrBIB)x90061553</subfield>
          </datafield>
          <datafield tag="245" ind1="1" ind2="0">
            <subfield code="a">Unitary symmetry and elementary particles</subfield>
            <subfield code="c">D.B. Lichtenberg</subfield>
          </datafield>
          <datafield tag="250" ind1=" " ind2=" ">
            <subfield code="a">2nd ed.</subfield>
          </datafield>
          <datafield tag="260" ind1=" " ind2=" ">
            <subfield code="a">New York</subfield>
            <subfield code="b">Academic Press</subfield>
            <subfield code="c">1978</subfield>
          </datafield>
          <datafield tag="300" ind1=" " ind2=" ">
            <subfield code="a">XV, 275 s.</subfield>
            <subfield code="b">ill.</subfield>
          </datafield>
          <datafield tag="650" ind1=" " ind2="0">
            <subfield code="a">Eightfold way (Nuclear physics)</subfield>
          </datafield>
          <datafield tag="650" ind1=" " ind2="7">
            <subfield code="a">Elementærpartikler</subfield>
            <subfield code="2">noubomn</subfield>
          </datafield>
          <datafield tag="650" ind1=" " ind2="7">
            <subfield code="a">Symmetri</subfield>
            <subfield code="2">noubomn</subfield>
          </datafield>
          <datafield tag="653" ind1=" " ind2=" ">
            <subfield code="a">elementærpartikler</subfield>
          </datafield>
          <datafield tag="653" ind1=" " ind2=" ">
            <subfield code="a">symmetri</subfield>
          </datafield>
          <datafield tag="776" ind1="0" ind2=" ">
            <subfield code="w">997830066244702201</subfield>
          </datafield>
          <datafield tag="901" ind1=" " ind2=" ">
            <subfield code="a">kat2</subfield>
          </datafield>
          <datafield tag="AVA" ind1=" " ind2=" ">
            <subfield code="a">47BIBSYS_UBO</subfield>
            <subfield code="b">1030310</subfield>
            <subfield code="c">UREAL Fys</subfield>
            <subfield code="d">3.1 LIC</subfield>
            <subfield code="e">available</subfield>
            <subfield code="f">1</subfield>
            <subfield code="g">0</subfield>
            <subfield code="j">1464</subfield>
            <subfield code="k">8</subfield>
            <subfield code="p">1</subfield>
          </datafield>
        </record>
      </recordData>
      <recordPosition>3</recordPosition>
    </record>
  </records>
  <diagnostics/>
  <extraResponseData xmlns:xb="http://www.exlibris.com/repository/search/xmlbeans/">
    <xb:exact>true</xb:exact>
    <xb:responseDate>2015-07-29T13:59:02+0200</xb:responseDate>
  </extraResponseData>
</searchRetrieveResponse>